<?xml version="1.0" encoding="UTF-8"?><collection xmlns="http://www.loc.gov/MARC21/slim"><record><leader>00545nam--2200181-i-4500</leader><controlfield tag="001">000042227</controlfield><controlfield tag="002">20161230</controlfield><controlfield tag="005">20161230201043</controlfield><controlfield tag="008">060222s1000------------r-----000-0-fre-d</controlfield><datafield ind1=" " ind2=" " tag="040"><subfield code="a">IFIN-HH</subfield></datafield><datafield ind1=" " ind2=" " tag="041"><subfield code="a">fre</subfield></datafield><datafield ind1=" " ind2=" " tag="080"><subfield code="a">539.1(08)</subfield></datafield><datafield ind1="1" ind2=" " tag="100"><subfield code="a">Sommerfeld, A</subfield></datafield><datafield ind1="1" ind2="0" tag="245"><subfield code="a">La constitution de l`atome et les raies spectrales</subfield><subfield code="b">Traduit sur la toisieme edition allemande par h. bellenot</subfield><subfield code="c">A. sommerfeld</subfield></datafield><datafield ind1=" " ind2=" " tag="260"><subfield code="a">Paris</subfield><subfield code="b">Librarie Scientifique Albert Blanchard</subfield><subfield code="c">1923</subfield></datafield><datafield ind1=" " ind2=" " tag="300"><subfield code="a">384 P</subfield></datafield><datafield ind1=" " ind2=" " tag="852"><subfield code="a">44456</subfield><subfield code="c">H.H</subfield></datafield><datafield ind1=" " ind2=" " tag="CAT"><subfield code="a">Sys</subfield><subfield code="c">20130405</subfield><subfield code="h">103203</subfield></datafield></record></collection>